<record><leader>00000cas a2200000 a 4500</leader><controlfield tag="001">42964002</controlfield><controlfield tag="007">hd afb---bacp</controlfield><controlfield tag="007">hd bfb---babp</controlfield><controlfield tag="008">991209d19521972wauwr nea     0    0eng c</controlfield><datafield ind1=" " ind2=" " tag="010"><subfield code="a">sn 99048551 </subfield></datafield><datafield ind1=" " ind2=" " tag="040"><subfield code="a">WAU</subfield><subfield code="b">eng</subfield><subfield code="c">WAU</subfield><subfield code="d">OCLCQ</subfield><subfield code="d">OCLCF</subfield><subfield code="d">OCLCO</subfield><subfield code="d">OCLCQ</subfield></datafield><datafield ind1=" " ind2=" " tag="012"><subfield code="i">9912</subfield></datafield><datafield ind1=" " ind2=" " tag="042"><subfield code="a">pcc</subfield></datafield><datafield ind1=" " ind2=" " tag="043"><subfield code="a">n-us-wa</subfield></datafield><datafield ind1="0" ind2="4" tag="245"><subfield code="a">The Raymond herald, the advertiser.</subfield></datafield><datafield ind1="3" ind2="0" tag="246"><subfield code="a">Advertiser</subfield></datafield><datafield ind1="1" ind2="7" tag="246"><subfield code="a">Raymond herald and advertiser</subfield><subfield code="f">May 14, 1953-&lt;Nov. 22, 1967&gt;</subfield></datafield><datafield ind1=" " ind2=" " tag="260"><subfield code="a">Raymond, Wash. :</subfield><subfield code="b">Clyde A. Eckman,</subfield><subfield code="c">1952-1972.</subfield></datafield><datafield ind1=" " ind2=" " tag="300"><subfield code="a">volumes</subfield></datafield><datafield ind1=" " ind2=" " tag="310"><subfield code="a">Weekly</subfield></datafield><datafield ind1=" " ind2=" " tag="336"><subfield code="a">text</subfield><subfield code="b">txt</subfield><subfield code="2">rdacontent</subfield></datafield><datafield ind1=" " ind2=" " tag="337"><subfield code="a">microform</subfield><subfield code="b">h</subfield><subfield code="2">rdamedia</subfield></datafield><datafield ind1=" " ind2=" " tag="338"><subfield code="a">microfilm reel</subfield><subfield code="b">hd</subfield><subfield code="2">rdacarrier</subfield></datafield><datafield ind1="0" ind2=" " tag="362"><subfield code="a">46th year, no. 36 (Sept. 4, 1952)-</subfield></datafield><datafield ind1="1" ind2=" " tag="362"><subfield code="a">Ceased with 66th yr., no. 16 (Apr. 20, 1972)?</subfield></datafield><datafield ind1=" " ind2=" " tag="500"><subfield code="a">Publisher varies.</subfield></datafield><datafield ind1=" " ind2=" " tag="515"><subfield code="a">Continues the numbering of the Raymond herald.</subfield></datafield><datafield ind1=" " ind2=" " tag="588"><subfield code="a">Latest issue consulted: 61st year, no. 47 (Nov. 22, 1967).</subfield></datafield><datafield ind1=" " ind2=" " tag="533"><subfield code="a">Microfilm.</subfield><subfield code="b">[Seattle, Wash.] :</subfield><subfield code="c">University of Washington Library.</subfield><subfield code="e">microfilm reels ; 35 mm.</subfield></datafield><datafield ind1=" " ind2="0" tag="651"><subfield code="a">Raymond (Wash.)</subfield><subfield code="v">Newspapers.</subfield></datafield><datafield ind1=" " ind2="7" tag="651"><subfield code="a">Washington (State)</subfield><subfield code="z">Raymond.</subfield><subfield code="2">fast</subfield><subfield code="0">(OCoLC)fst01289266</subfield></datafield><datafield ind1=" " ind2="7" tag="655"><subfield code="a">Newspapers.</subfield><subfield code="2">fast</subfield><subfield code="0">(OCoLC)fst01423814</subfield></datafield><datafield ind1=" " ind2=" " tag="752"><subfield code="a">United States</subfield><subfield code="b">Washington</subfield><subfield code="c">Pacific</subfield><subfield code="d">Raymond.</subfield></datafield><datafield ind1="1" ind2=" " tag="776"><subfield code="c">Original</subfield><subfield code="w">(DLC)sn 88087038</subfield><subfield code="w">(OCoLC)18551129</subfield></datafield><datafield ind1="0" ind2="4" tag="780"><subfield code="t">Raymond herald (Raymond, Wash. : 1905)</subfield><subfield code="w">(DLC)sn 99048550</subfield></datafield><datafield ind1="0" ind2="4" tag="780"><subfield code="t">Advertiser (Raymond, Wash. : 1939)</subfield><subfield code="w">(DLC)sn 99048549</subfield><subfield code="w">(OCoLC)42336562</subfield></datafield><datafield ind1="0" ind2="0" tag="785"><subfield code="t">Raymond herald (Raymond, Wash. : 1972)</subfield></datafield><datafield ind1=" " ind2=" " tag="850"><subfield code="a">WaU</subfield></datafield></record>